<record><leader>00000cas a2200000 a 4500</leader><controlfield tag="001">17359914</controlfield><controlfield tag="008">880119d18911903wauwr ne      0    0eng d</controlfield><datafield ind1=" " ind2=" " tag="010"><subfield code="a">sn 88085237 </subfield></datafield><datafield ind1=" " ind2=" " tag="040"><subfield code="a">SLZ</subfield><subfield code="b">eng</subfield><subfield code="c">SLZ</subfield><subfield code="d">OCL</subfield><subfield code="d">OCLCQ</subfield><subfield code="d">OCLCF</subfield><subfield code="d">OCLCO</subfield></datafield><datafield ind1="1" ind2=" " tag="029"><subfield code="a">AU@</subfield><subfield code="b">000020495265</subfield></datafield><datafield ind1=" " ind2=" " tag="042"><subfield code="a">msc</subfield></datafield><datafield ind1=" " ind2=" " tag="043"><subfield code="a">n-us-wa</subfield></datafield><datafield ind1="0" ind2="4" tag="245"><subfield code="a">The Everett news.</subfield></datafield><datafield ind1=" " ind2=" " tag="260"><subfield code="a">Everett, Wash. :</subfield><subfield code="b">Clarke &amp; Connella</subfield></datafield><datafield ind1=" " ind2=" " tag="300"><subfield code="a">v.</subfield></datafield><datafield ind1=" " ind2=" " tag="310"><subfield code="a">Weekly</subfield></datafield><datafield ind1="0" ind2=" " tag="362"><subfield code="a">Vol. 1, no. 13 (Dec. 4, 1891)-</subfield></datafield><datafield ind1="1" ind2=" " tag="362"><subfield code="a">Ceased in 1903.</subfield></datafield><datafield ind1=" " ind2=" " tag="500"><subfield code="a">Published: Everett, Wash., 1892-</subfield></datafield><datafield ind1=" " ind2="0" tag="651"><subfield code="a">Everett (Wash.)</subfield><subfield code="v">Periodicals.</subfield></datafield><datafield ind1=" " ind2="0" tag="651"><subfield code="a">Port Gardner (Snohomish County, Wash.)</subfield><subfield code="v">Periodicals.</subfield></datafield><datafield ind1=" " ind2="7" tag="655"><subfield code="a">Periodicals.</subfield><subfield code="2">fast</subfield><subfield code="0">(OCoLC)fst01411641</subfield></datafield><datafield ind1=" " ind2="7" tag="651"><subfield code="a">Washington (State)</subfield><subfield code="z">Everett.</subfield><subfield code="2">fast</subfield><subfield code="0">(OCoLC)fst01213637</subfield></datafield><datafield ind1=" " ind2="7" tag="651"><subfield code="a">Washington (State)</subfield><subfield code="z">Port Gardner (Snohomish County)</subfield><subfield code="2">fast</subfield><subfield code="0">(OCoLC)fst01733911</subfield></datafield><datafield ind1=" " ind2=" " tag="752"><subfield code="a">United States</subfield><subfield code="b">Washington</subfield><subfield code="c">Snohomish</subfield><subfield code="d">Lowell.</subfield></datafield><datafield ind1=" " ind2=" " tag="752"><subfield code="a">United States</subfield><subfield code="b">Washington</subfield><subfield code="c">Snohomish</subfield><subfield code="d">Everett.</subfield></datafield><datafield ind1=" " ind2=" " tag="752"><subfield code="a">United States</subfield><subfield code="b">Washington</subfield><subfield code="c">Snohomish</subfield><subfield code="d">Port Gardner.</subfield></datafield><datafield ind1="0" ind2="0" tag="780"><subfield code="t">Port Gardner news</subfield><subfield code="w">(DLC)sn 88085236</subfield></datafield></record>